@misc{MemAcademica, title={Memoria Académica. {A}nexo estadísitco}, url={https://canal.ugr.es/wp-content/uploads/2019/09/UGR-EN-CIFRAS-18-19-web-1.pdf}, author={Oficina de Gestión de la Comunicación. Unidad de Documentación Edición e Información}, year={2019}}
 
@misc{MemFYL, title={Memoria de Gestión 2019. {F}acultad de Filosofía y Letras}, url={https://filosofiayletras.ugr.es/pages/facultad/normativa/memorias-de-gestion/memoriagestion2019/!}, author={Decanato de Filosofía y Letras}, year={2019}}

@misc{elastic, title={¿{Q}ué es {E}lasticsearch?}, url={https://www.elastic.co/es/what-is/elasticsearch}, author={Elastic}} 

@misc{usability,
	author = {U.S. General Services Administration | Technology Transformation Services},
	title = {Usability.gov | {I}mproving the User Experience},
	url = {http://www.usability.gov}
}

@misc{wcag,
	editor = {Shawn Lawton Henry},
	title = {Web {C}ontent {A}ccessibility {G}uidelines ({WCAG}) {O}verview},
	month = {7},
	year = {2005},
	url = {https://www.w3.org/WAI/standards-guidelines/wcag/},
	author = {W3C}
}

@misc{intDesign,
	author = {Interaction Design Foundation},
	title = {What is {D}esign {T}hinking? | {I}nteraction {D}esign {F}oundation},
	url = {https://www.interaction-design.org/literature/topics/design-thinking}
}

@misc{uxpressia,
	author = {UXPressia\textregistered},
	title = {Customer \& {U}ser {J}ourney {M}ap ({CJM}) | {C}ustomer {E}xperience {M}apping {T}ool - {UXP}ressia},
	url = {https://uxpressia.com}
}

@misc{feedbackCaptureGrid,
	author = {Interaction Design Foundation},
	title = {Test your prototypes: how to gather feedback and maximize learning},
	url = {https://www.interaction-design.org/literature/article/test-your-prototypes-how-to-gather-feedback-and-maximise-learning}
}

@article{sus,
	author = {A. Bangor},
	title = {Determining What Individual SUS Scores Mean: Adding an Adjective Rating Scale},
	year = {2009},	
	journal = {Journal of Usability Studies},
	volume = {4},
	number = {3},
	pages = {114-123},
}

@misc{waterfall1,
	title={A decade of agile methodologies: Towards explaining agile software development},
	author={Dings{\o}yr, Torgeir and Nerur, Sridhar and Balijepally, VenuGopal and Moe, Nils Brede},
	year={2012},
	publisher={Elsevier}
}

 @article{waterfall2, title={The Waterfall Model in Large-Scale Development}, DOI={10.1007/978-3-642-02152-7_29}, journal={Lecture Notes in Business Information Processing Product-Focused Software Process Improvement}, author={Petersen, Kai and Wohlin, Claes and Baca, Dejan}, year={2009}, pages={386–400}} 

@misc{stateofagile,
	author = {Digital.ai},
	title = {State of {A}gile {R}eport | {S}tate of {A}gile},
	url = {https://stateofagile.com/#ufh-i-615706098-14th-annual-state-of-agile-report/7027494},
	year = {2020}
}

@misc{scrum,
	title={SCRUM Development Process},
	author={K. Schwaber},
	year={1997}
}

@misc{plantillas,
	title={templates/classicthesis-tex-es at master · mroman42/templates},
	author={Mario Román},
	year={2018},
	url={https://github.com/mroman42/templates/tree/master/classicthesis-tex-es}
}

@inreference{matrizTareas,
	author = {Chauncey Wilson},
	title = {Method 18 of 100: The User/Task Matrix},
	booktitle = {100 User Experience (UX) Design and Evaluation Methods for Your Toolkit},
	date = {2011},
	month = {10},
	day = {27},
	url = {https://dux.typepad.com/dux/2011/10/method-18-of-100-the-usertask-matrix.html},
}

@misc{lucidchart,
	title = {Online {D}iagram {S}oftware \& {V}isual {Solution} | {L}ucidchart},
	url = {www.lucidchart.com},
	author = {Lucid Software},
	year = 2020,
}


@article{sitemap,
	author = {Nick Babich},
	title = {Sitemaps \& Information Architecture (IA)},
	journaltitle = {Xd Ideas},
	date = {2019},
	month = {12},
	day = {17},
	url = {https://xd.adobe.com/ideas/process/information-architecture/sitemap-and-information-architecture/},
}
